@Article{ehealth,
	author={Eysenbach, G.},
	title={What is e-health?},
	journal={J Med Internet Res},
	year={2001},
	month={Jun},
	volume={3},
	number={2},
	pages={e20},
	url={http://www.jmir.org/2001/2/e20/},
}

@Book{Sommerville9,
  author = {Sommerville, Ian},
  edition = 9,
  isbn = {978-0-13-703515-1},
  publisher = {Addison-Wesley},
  title = {Software Engineering},
  year = 2010
}

@Other{Doe:2009:Other,
author = {Doe, Brian},
title = {This is a test entry of type {@OTHER}},
month = jun,
year = {2009},
url = {http://www.test.org/doe/}
}

@Article{WaterfallModel,
	title = {Waterfall model, retrieved 23.09.13},	
	url = {http://en.wikipedia.org/wiki/Waterfall_model}
}

@Article{Compendium,
	title = {Compendium: Introduction to course TDT4290 Customer Driven Project, Autumn 2013},	
	url = {http://www.idi.ntnu.no/emner/tdt4290/docs/TDT4290-compendium-2013.pdf}
}

@Article{HumanAPI,
	title = {human/api overview, retrieved 25.09.13},
	url = {http://humanapi.co/docs}
}

@Article{Java,
	title = {Introduction to Java Programming COMPREHENSIVE VERSION Eight Edition},
	author = {Y. Daniel Liang},
	month = {January},
	year = {2010}
}

@Article{SpringFramework1,
	title = {Spring Framework, retrieved 29.09.13},
	url = {http://en.wikipedia.org/wiki/Spring_Framework}
}

@Article{SpringFramework2,
	title = {spring io, retrieved 29.09.13},
	url = {http://spring.io/}
}

@Article{ApacheTomcat,
	title = {Apache Tomcat, retrieved 25.09.13},	
	url = {http://tomcat.apache.org/}
}

@Article{MySQL,
	title = {What is MySQL?, retrieved 28.09.13},	
	url = {http://dev.mysql.com/doc/refman/5.1/en/what-is-mysql.html}
}

@Article{HTML5,
	title = {HTML5 A vocabulary and associated APIs for HTML and XHTML W3C Candidate Recommendation 17 December 2012, retrieved 25.09.13},
	url = {http://www.w3.org/TR/2012/CR-html5-20121217/introduction.html}
}

@Article{CSS3,
	title = {What is CSS?, retrieved 28.09.13},	
	url = {http://www.w3.org/standards/webdesign/htmlcss#whatcss}
}

@Article{Bootstrap,
	title = {Bootstrap, retrieved 28.09.13},	
	url = {http://getbootstrap.com/}
}

@Article{JavaScript,
	title = {JAVASCRIPT WEB APIS, retrieved 28.09.13},	
	url = {http://www.w3.org/standards/webdesign/script.html}
}

@Article{jQuery,
	title = {jQuery, retrieved 25.09.13},	
	url = {http://jquery.com/}
}

@Article{Chartjs,
	title = {Chart.js, retrieved 25.09.13},	
	url = {http://www.chartjs.org/}
}

@Article{AndroidSDK,
	title = {Android SDK, retrieved 25.09.13},	
	url = {http://developer.android.com/sdk/index.html}
}

@Article{Maven,
	title = {Maven, retrieved 28.09.13},	
	url = {http://maven.apache.org/}
}

@Article{Git,
	title = {Git, retrieved 28.09.13},	
	url = {http://git-scm.com/}
}